@webpage{atomw,
key={atomw},
title = "{Atom(Wikipedia)}",
url = {https://es.wikipedia.org/wiki/Atom_(editor_de_textos)},
month = "mayo",
year = "2017"
}

@webpage{atom,
	key={atom},
	title = "{Atom}",
	url = {https://atom.io/},
	month = "mayo",
	year = "2017"
}

@webpage{mongow,
	key={mongow},
	title = "{MongoDB(Wikipedia)}",
	url = {https://es.wikipedia.org/wiki/MongoDB},
	month = "mayo",
	year = "2017"
}

@webpage{mongo,
	key={mongo},
	title = "{MongoDB}",
	url = {https://www.mongodb.com/es},
	month = "mayo",
	year = "2017"
}

@webpage{gitw,
	key={gitw},
	title = "{Git(Wikipedia)}",
	url = {https://es.wikipedia.org/wiki/Git},
	month = "mayo",
	year = "2017"
}

@webpage{git,
	key={git},
	title = "{Git}",
	url = {https://git-scm.com/},
	month = "mayo",
	year = "2017"
}

@webpage{bracketsw,
	key={bracketsw},
	title = "{Brackets(Wikipedia)}",
	url = {https://en.wikipedia.org/wiki/Brackets_(text_editor)},
	month = "mayo",
	year = "2017"
}

@webpage{brackets,
	key={brackets},
	title = "{Brackets}",
	url = {http://brackets.io/},
	month = "mayo",
	year = "2017"
}

@webpage{cliente,
	key={cliente},
	title = "{Cliente (Product Owner)}",
	url = {https://proyectosagiles.org/cliente-product-owner/},
	month = "mayo",
	year = "2017"
}

@webpage{equipo,
	key={equipo},
	title = "{Equipo (Team)}",
	url = {https://proyectosagiles.org/equipo-team/},
	month = "mayo",
	year = "2017"
}

@webpage{scrummaster,
	key={scrummaster},
	title = "{Facilitador (Scrum Master)}",
	url = {https://proyectosagiles.org/facilitador-scrum-master/},
	month = "mayo",
	year = "2017"
}

@webpage{alboan,
	key={alboan},
	title = "{Alboan}",
	url = {https://www.alboan.org/es},
	month = "abril",
	year = "2017"
}

@webpage{node,
	key={node},
	title = "{Node.js}",
	url = {https://nodejs.org/es/},
	month = "mayo",
	year = "2017"
}

@webpage{ajax,
	key={ajax},
	title = "{Ajax}",
	url = {https://www.tutorialspoint.com/ajax/ajax_technology.htm},
	month = "mayo",
	year = "2017"
}

@webpage{colorpicker,
	key={colorpicker},
	title = "{Bootstrap Color Picker 2.5.1}",
	url = {https://itsjavi.com/bootstrap-colorpicker/},
	month = "mayo",
	year = "2017"
}

@webpage{arquitectura,
	key={arquitectura},
	title = "{Arquitectura de las aplicaciones Web}",
	url = {https://programacionwebisc.wordpress.com/2-1-arquitectura-de-las-aplicaciones-web/},
	month = "mayo",
	year = "2017"
}

@webpage{mongovssql,
	key={mongovssql},
	title = "{MySQL vs MongoDB 1000 reads}",
	url = {http://stackoverflow.com/questions/9702643/mysql-vs-mongodb-1000-reads},
	month = "mayo",
	year = "2017"
}

@webpage{velocidad,
	key={velocidad},
	title = "{MySQL vs PostgreSQL vs MongoDB (velocidad)}",
	url = {http://macool.me/mysql-vs-postgresql-vs-mongodb-velocidad/04},
	month = "mayo",
	year = "2017"
}

@webpage{email,
	key={email},
	title = "{Validating email addresses using jQuery and regex}",
	url = {http://stackoverflow.com/questions/2855865/validating-email-addresses-using-jquery-and-regex},
	month = "mayo",
	year = "2017"
}

@webpage{classconsole,
	key={classconsole},
	title = "{Node.js v7.10.0 Documentation. Class: Console}",
	url = {https://nodejs.org/api/console.html#console_class_console},
	month = "mayo",
	year = "2017"
}

@webpage{log4j,
	key={log4j},
	title = "{Log4J}",
	url = {https://logging.apache.org/log4j/2.x/},
	month = "mayo",
	year = "2017"
}

@webpage{mediaqueries,
	key={mediaqueries},
	title = "{CSS media queries}",
	url = {https://developer.mozilla.org/es/docs/CSS/Media_queries},
	month = "mayo",
	year = "2017"
}

@webpage{benchmark,
	key={benchmark},
	title = "{Benchmark: PostgreSQL, MongoDB, Neo4j, OrientDB and ArangoDB}",
	url = {https://www.arangodb.com/2015/10/benchmark-postgresql-mongodb-arangodb/},
	month = "mayo",
	year = "2017"
}

@webpage{crowdw,
	key={crowdw},
	title = "{Micromecenazgo}",
	url = {https://es.wikipedia.org/wiki/Micromecenazgo},
	month = "mayo",
	year = "2017"
}

@webpage{worldcoo,
	key={worldcoo},
	title = "{Worldcoo}",
	url = {http://www.worldcoo.com/es/},
	month = "mayo",
	year = "2017"
}

@webpage{scrum,
	key={scrum},
	title = "{Scrum}",
	url = {https://es.wikipedia.org/wiki/Scrum_(desarrollo_de_software)},
	month = "mayo",
	year = "2017"
}

@webpage{trello,
	key={trello},
	title = "{Trello}",
	url = {https://trello.com/},
	month = "mayo",
	year = "2017"
}

@webpage{npm,
	key={npm},
	title = "{NPM}",
	url = {https://www.npmjs.com/},
	month = "mayo",
	year = "2017"
}

@webpage{express,
	key={express},
	title = "{Expressjs}",
	url = {http://expressjs.com/},
	month = "mayo",
	year = "2017"
}

@webpage{nodemailer,
	key={nodemailer},
	title = "{Nodemailer}",
	url = {https://nodemailer.com/about/},
	month = "mayo",
	year = "2017"
}

@webpage{mongojs,
	key={mongojs},
	title = "{MongoJS}",
	url = {https://www.npmjs.com/package/mongojs},
	month = "mayo",
	year = "2017"
}
@webpage{pdffiller,
	key={pdffiller},
	title = "{Pdffiller}",
	url = {https://www.npmjs.com/package/pdffiller},
	month = "mayo",
	year = "2017"
}

@webpage{json,
	key={json},
	title = "{JSON}",
	url = {http://www.json.org/json-es.html},
	month = "mayo",
	year = "2017"
}

@webpage{bootstrap,
	key={bootstrap},
	title = "{Bootstrap}",
	url = {http://getbootstrap.com/},
	month = "mayo",
	year = "2017"
}

@webpage{sass,
	key={sass},
	title = "{Sass}",
	url = {http://sass-lang.com/},
	month = "mayo",
	year = "2017"
}

@webpage{css,
	key={css},
	title = "{CSS}",
	url = {https://www.w3schools.com/css/},
	month = "mayo",
	year = "2017"
}

@webpage{d3js,
	key={d3js},
	title = "{D3.js}",
	url = {https://d3js.org/},
	month = "mayo",
	year = "2017"
}

@webpage{draw.io,
	key={draw.io},
	title = "{Draw.io}",
	url = {http://draw.io/},
	month = "mayo",
	year = "2017"
}
@webpage{mocha,
	key={mocha},
	title = "{Mocha}",
	url = {https://mochajs.org/},
	month = "mayo",
	year = "2017"
}


