@webpage{atomw,
key={atomw},
title = "{Atom(Wikipedia)}",
url = {https://es.wikipedia.org/wiki/Atom_(editor_de_textos)},
month = "mayo",
year = "2017"
}


